@article{Pollack_Minimal_modular_form_E8,
 author = {Pollack, Aaron},
 title = {The minimal modular form on quaternionic {{\(E_8\)}}},
 fjournal = {Journal of the Institute of Mathematics of Jussieu},
 journal = {J. Inst. Math. Jussieu},
 issn = {1474-7480},
 volume = {21},
 number = {2},
 pages = {603--636},
 year = {2022},
 language = {English},
 doi = {10.1017/S1474748020000213},
 keywords = {11F03,11F30,20G41},
 zbMATH = {7482203},
 Zbl = {1483.11070}
}
@article{Pollack_Modular_forms_orthogonal_rank3,
 author = {Pollack, Aaron and Savin, Gordan},
 title = {Modular forms on indefinite orthogonal groups of rank three},
 fjournal = {Journal of Number Theory},
 journal = {J. Number Theory},
 issn = {0022-314X},
 volume = {238},
 pages = {611--675},
 year = {2022},
 language = {English},
 doi = {10.1016/j.jnt.2021.09.011},
 keywords = {11F55,11F11},
 zbMATH = {7569748},
 Zbl = {1522.11038}
}
@misc{Hilado_McGlade_Yan_Fourier_coefficients_unitary_group,
      title={Fourier Coefficients and Algebraic Cusp Forms on $\mathrm{U}(2,n)$}, 
      author={Anton Hilado and Finn McGlade and Pan Yan},
      year={2024},
      eprint={2404.17743},
      archivePrefix={arXiv},
      primaryClass={math.NT},
      url={https://arxiv.org/abs/2404.17743}, 
}